<?xml version="1.0" encoding="UTF-8"?><record xmlns="http://www.loc.gov/MARC21/slim" xmlns:cinclude="http://apache.org/cocoon/include/1.0" xmlns:zs="http://www.loc.gov/zing/srw/">
  <leader>00360nz  a2200133n  4500</leader>
  <controlfield tag="001">no 95002762 </controlfield>
  <controlfield tag="003">DLC</controlfield>
  <controlfield tag="005">19950117060823.6</controlfield>
  <controlfield tag="008">950116n| acannaab|          |n aaa     c</controlfield>
  <datafield tag="010" ind1=" " ind2=" ">
    <subfield code="a">no 95002762 </subfield>
  </datafield>
  <datafield tag="035" ind1=" " ind2=" ">
    <subfield code="a">(OCoLC)oca03754121 </subfield>
  </datafield>
  <datafield tag="040" ind1=" " ind2=" ">
    <subfield code="a">InU</subfield>
    <subfield code="c">InU</subfield>
  </datafield>
  <datafield tag="100" ind1="1" ind2="0">
    <subfield code="a">Postler, Miroslav</subfield>
  </datafield>
  <datafield tag="670" ind1=" " ind2=" ">
    <subfield code="a">Já jsem tvůj úkryt před nocí, 1992:</subfield>
    <subfield code="b">t.p. (Miroslav Postler)</subfield>
  </datafield>
</record>